@article{pires2021teens,
  title={What are teens doing with YouTube? Practices, uses and metaphors of the most popular audio-visual platform},
  author={Pires, Fernanda and Masanet, Maria-Jose and Scolari, Carlos A},
  journal={Information, communication \& society},
  volume={24},
  number={9},
  pages={1175--1191},
  year={2021},
  publisher={Taylor \& Francis}
}


@article{dongarra1987computer,
  title={Computer benchmarking: Paths and pitfalls: The most popular way of rating computer performance can confuse as well as inform; avoid misunderstanding by asking just what the benchmark is measuring},
  author={Dongarra, Jack and Martin, Joanne L and Worlton, Jack},
  journal={IEEE spectrum},
  volume={24},
  number={7},
  pages={38--43},
  year={1987},
  publisher={IEEE}
}


@article{khaitovich2023most,
  title={The Most Popular Sports in The World},
  author={Khaitovich, Kholmurodov Fayzullo},
  journal={British Journal of Global Ecology and Sustainable Development},
  volume={17},
  pages={92--95},
  year={2023}
}